<record><leader>00000cas a2200000 a 4500</leader><controlfield tag="001">10015828</controlfield><controlfield tag="008">831014d19001917iludn ne      0   a0eng c</controlfield><datafield ind1=" " ind2=" " tag="010"><subfield code="a">sn2008060442</subfield></datafield><datafield ind1=" " ind2=" " tag="040"><subfield code="a">CRL</subfield><subfield code="b">eng</subfield><subfield code="c">CRL</subfield><subfield code="d">NVF</subfield><subfield code="d">OCLCF</subfield><subfield code="d">NVF</subfield><subfield code="d">OCLCO</subfield><subfield code="d">CRL</subfield><subfield code="d">NVF</subfield><subfield code="d">OCL</subfield><subfield code="d">OCLCO</subfield></datafield><datafield ind1=" " ind2=" " tag="042"><subfield code="a">pcc</subfield></datafield><datafield ind1=" " ind2=" " tag="043"><subfield code="a">n-us-il</subfield></datafield><datafield ind1="0" ind2="4" tag="245"><subfield code="a">The Chicago live stock world.</subfield></datafield><datafield ind1="3" ind2=" " tag="246"><subfield code="a">Chicago livestock world</subfield></datafield><datafield ind1=" " ind2=" " tag="260"><subfield code="a">Union Stock Yards, Chicago, Ill. :</subfield><subfield code="b">Halliwell &amp; Baum Co.</subfield></datafield><datafield ind1="3" ind2=" " tag="260"><subfield code="3">Nov. 1, 1905-June 22, 1917</subfield><subfield code="a">Union Stock Yards, Chicago, Ill. :</subfield><subfield code="b">Ashleigh C. Halliwell</subfield></datafield><datafield ind1=" " ind2=" " tag="300"><subfield code="a">v. ;</subfield><subfield code="c">18 x 22 cm.</subfield></datafield><datafield ind1=" " ind2=" " tag="310"><subfield code="a">Daily (except Sunday and some federal holidays)</subfield></datafield><datafield ind1="1" ind2=" " tag="362"><subfield code="a">Began in 1900?</subfield></datafield><datafield ind1="0" ind2=" " tag="362"><subfield code="a">-v. 18, no. 161 (June 22, 1917).</subfield></datafield><datafield ind1=" " ind2=" " tag="500"><subfield code="a">"The original daily farm newspaper."</subfield></datafield><datafield ind1=" " ind2=" " tag="530"><subfield code="a">Preservation microfilmed by the University of Illinois at Urbana-Champaign Library as part of the United States Newspaper Program; the years 1902-1917 (on 22 microfilm reels) are available for purchase from OCLC Preservation Service Centers.</subfield></datafield><datafield ind1=" " ind2=" " tag="580"><subfield code="a">Merged with: Chicago daily farmers and drovers journal, to form: Chicago daily drovers journal (Chicago, Ill. : 1917).</subfield></datafield><datafield ind1=" " ind2=" " tag="588"><subfield code="a">Description based on: Vol. 3, no. 16 (Jan. 1, 1902).</subfield></datafield><datafield ind1="2" ind2="0" tag="610"><subfield code="a">Union Stock Yard &amp; Transit Company of Chicago</subfield><subfield code="v">Newspapers.</subfield></datafield><datafield ind1=" " ind2="0" tag="650"><subfield code="a">Meat industry and trade</subfield><subfield code="z">United States</subfield><subfield code="v">Newspapers.</subfield></datafield><datafield ind1=" " ind2="0" tag="650"><subfield code="a">Animal industry</subfield><subfield code="z">United States</subfield><subfield code="v">Newspapers.</subfield></datafield><datafield ind1=" " ind2="0" tag="650"><subfield code="a">Livestock workers</subfield><subfield code="z">United States</subfield><subfield code="v">Newspapers.</subfield></datafield><datafield ind1=" " ind2="0" tag="651"><subfield code="a">Chicago (Ill.)</subfield><subfield code="v">Newspapers.</subfield></datafield><datafield ind1=" " ind2="0" tag="651"><subfield code="a">Back of the Yards (Chicago, Ill.)</subfield><subfield code="v">Newspapers.</subfield></datafield><datafield ind1=" " ind2="7" tag="655"><subfield code="a">Newspapers.</subfield><subfield code="2">fast</subfield><subfield code="0">(OCoLC)fst01423814</subfield></datafield><datafield ind1="2" ind2="7" tag="610"><subfield code="a">Union Stock Yard &amp; Transit Company of Chicago.</subfield><subfield code="2">fast</subfield><subfield code="0">(OCoLC)fst00726874</subfield></datafield><datafield ind1=" " ind2="7" tag="650"><subfield code="a">Animal industry.</subfield><subfield code="2">fast</subfield><subfield code="0">(OCoLC)fst00809238</subfield></datafield><datafield ind1=" " ind2="7" tag="650"><subfield code="a">Livestock workers.</subfield><subfield code="2">fast</subfield><subfield code="0">(OCoLC)fst01000916</subfield></datafield><datafield ind1=" " ind2="7" tag="650"><subfield code="a">Meat industry and trade.</subfield><subfield code="2">fast</subfield><subfield code="0">(OCoLC)fst01013271</subfield></datafield><datafield ind1=" " ind2="7" tag="651"><subfield code="a">Illinois</subfield><subfield code="z">Chicago.</subfield><subfield code="2">fast</subfield><subfield code="0">(OCoLC)fst01204048</subfield></datafield><datafield ind1=" " ind2="7" tag="651"><subfield code="a">Illinois</subfield><subfield code="z">Chicago</subfield><subfield code="z">Back of the Yards.</subfield><subfield code="2">fast</subfield><subfield code="0">(OCoLC)fst01926116</subfield></datafield><datafield ind1=" " ind2="7" tag="651"><subfield code="a">United States.</subfield><subfield code="2">fast</subfield><subfield code="0">(OCoLC)fst01204155</subfield></datafield><datafield ind1=" " ind2=" " tag="752"><subfield code="a">United States</subfield><subfield code="b">Illinois</subfield><subfield code="c">Cook</subfield><subfield code="d">Chicago.</subfield></datafield><datafield ind1="0" ind2="8" tag="776"><subfield code="i">Online version:</subfield><subfield code="t">Chicago live stock world</subfield><subfield code="w">(OCoLC)665165575</subfield></datafield><datafield ind1="1" ind2="7" tag="785"><subfield code="t">Chicago daily farmers and drovers journal</subfield><subfield code="w">(DLC)sn 93062962</subfield><subfield code="w">(OCoLC)9962166</subfield></datafield><datafield ind1="1" ind2="7" tag="785"><subfield code="t">Chicago daily drovers journal (Chicago, Ill. : 1917)</subfield><subfield code="w">(DLC)sn 93062963</subfield><subfield code="w">(OCoLC)16818121</subfield></datafield><datafield ind1="4" ind2="1" tag="856"><subfield code="3">(Jan. 1, 1902-June 22, 1917) available online:</subfield><subfield code="u">http://www.library.illinois.edu/dnc/fff/</subfield></datafield></record>